<?xml version="1.0" encoding="UTF-8"?><collection xmlns="http://www.loc.gov/MARC21/slim"><record><leader>00519nam--2200193-i-4500</leader><controlfield tag="001">000015077</controlfield><controlfield tag="002">20161230</controlfield><controlfield tag="005">20161230201031</controlfield><controlfield tag="008">060222s1000------------r-----000-0-rum-d</controlfield><datafield ind1=" " ind2=" " tag="040"><subfield code="a">IFIN-HH</subfield></datafield><datafield ind1=" " ind2=" " tag="041"><subfield code="a">rum</subfield></datafield><datafield ind1=" " ind2=" " tag="080"><subfield code="a">539</subfield></datafield><datafield ind1="1" ind2=" " tag="100"><subfield code="a">Born, Max</subfield></datafield><datafield ind1="1" ind2="0" tag="245"><subfield code="a">Fizica in conceptia generatiei mele</subfield><subfield code="c">Max born</subfield></datafield><datafield ind1=" " ind2=" " tag="260"><subfield code="a">Bucuresti</subfield><subfield code="b">Editura Stiintifica</subfield><subfield code="c">1969</subfield></datafield><datafield ind1=" " ind2=" " tag="300"><subfield code="a">380 P</subfield></datafield><datafield ind1=" " ind2=" " tag="500"><subfield code="a">Titlul Original In Limba Germana: Physik Im Wandel Meiner Zeit</subfield></datafield><datafield ind1=" " ind2=" " tag="852"><subfield code="a">77253</subfield><subfield code="c">53</subfield></datafield><datafield ind1=" " ind2=" " tag="CAT"><subfield code="a">Sys</subfield><subfield code="c">20150813</subfield><subfield code="h">144403</subfield></datafield></record></collection>